<collection xmlns="http://www.loc.gov/MARC21/slim"><record><leader>00665nam  2200193   450</leader><controlfield tag="001">916</controlfield><controlfield tag="003">http://montalegre.opacnet.com/OPAC/default.aspx?ContentAreaControl=ShowRegHoldings.ascx&amp;RegNo=16662</controlfield><datafield tag="100" ind1=" " ind2=" "><subfield code="a">19951202d1982    m  y0pora010305  ba</subfield></datafield><datafield tag="101" ind1="1" ind2=" "><subfield code="a">por</subfield></datafield><datafield tag="102" ind1=" " ind2=" "><subfield code="a">PT</subfield></datafield><datafield tag="200" ind1="1" ind2=" "><subfield code="a">Visão de Carlos XI e outros contos</subfield><subfield code="f">Prosper Mérimée</subfield><subfield code="g">selecção, trad. e notas de Manuel João Gomes</subfield></datafield><datafield tag="210" ind1=" " ind2=" "><subfield code="a">Lisboa</subfield><subfield code="c">Estampa</subfield><subfield code="d">1982</subfield></datafield><datafield tag="215" ind1=" " ind2=" "><subfield code="a">219, [4] p.</subfield><subfield code="d">19 cm</subfield></datafield><datafield tag="225" ind1="2" ind2=" "><subfield code="a">Livro B</subfield><subfield code="v">41</subfield></datafield><datafield tag="675" ind1=" " ind2=" "><subfield code="a">821</subfield><subfield code="v">BN</subfield><subfield code="z">por</subfield></datafield><datafield tag="700" ind1=" " ind2="1"><subfield code="a">Mérimée</subfield><subfield code="b">Prosper</subfield><subfield code="f">1803-1870</subfield></datafield><datafield tag="702" ind1=" " ind2="1"><subfield code="a">Gomes</subfield><subfield code="b">Manuel João</subfield><subfield code="4">340</subfield></datafield><datafield tag="801" ind1=" " ind2="0"><subfield code="a">PT</subfield><subfield code="b">Biblioteca Municipal de Montalegre</subfield><subfield code="g">RPC</subfield></datafield><datafield tag="856" ind1=" " ind2=" "><subfield code="u">locateMedia.asp?cod=20060629155657&amp;ext=jpg</subfield><subfield code="z">CAPA</subfield></datafield><datafield tag="909" ind1="&#9;" ind2=" "><subfield code="a">1</subfield></datafield><datafield tag="966" ind1=" " ind2=" "><subfield code="a">0009115</subfield><subfield code="l">BMM</subfield><subfield code="s">SCG 821 MÉR vis 41</subfield></datafield></record></collection>